@MISC{dummy:svs,
  AUTHOR       = "me",
  TITLE        = "dummy!",
  YEAR         = "1999",
  HOWPUBLISHED = "not",
}